<record><leader>00000cas a22000007a 4500</leader><controlfield tag="001">13200765</controlfield><controlfield tag="008">860226d18561856njuwr ne      0    0eng d</controlfield><datafield ind1=" " ind2=" " tag="010"><subfield code="a">sn 85035695 </subfield></datafield><datafield ind1=" " ind2=" " tag="040"><subfield code="a">NPA</subfield><subfield code="b">eng</subfield><subfield code="c">NPA</subfield><subfield code="d">NJW</subfield><subfield code="d">OCLCQ</subfield></datafield><datafield ind1=" " ind2=" " tag="042"><subfield code="a">msc</subfield></datafield><datafield ind1="0" ind2="4" tag="245"><subfield code="a">The Weekly comet.</subfield></datafield><datafield ind1=" " ind2=" " tag="260"><subfield code="a">North Branch, N.J. :</subfield><subfield code="b">Thomas E. Bartow,</subfield><subfield code="c">1856.</subfield></datafield><datafield ind1=" " ind2=" " tag="300"><subfield code="a">v. ;</subfield><subfield code="c">30 cm.</subfield></datafield><datafield ind1=" " ind2=" " tag="310"><subfield code="a">Weekly</subfield></datafield><datafield ind1="0" ind2=" " tag="362"><subfield code="a">No. 38 (June 24, 1856)-</subfield></datafield><datafield ind1="1" ind2=" " tag="362"><subfield code="a">Ceased in 1856?</subfield><subfield code="z">Cf. Wright, W.C. and Stellhorn, P.A. Direct. of N.J. newspapers.</subfield></datafield><datafield ind1=" " ind2=" " tag="752"><subfield code="a">United States</subfield><subfield code="b">New Jersey</subfield><subfield code="c">Somerset</subfield><subfield code="d">North Branch.</subfield></datafield><datafield ind1="0" ind2="0" tag="780"><subfield code="t">Comet (North Branch, N.J. : 1854)</subfield><subfield code="w">(DLC)sn 85035694</subfield><subfield code="w">(OCoLC)13200760</subfield></datafield></record>